@book{DBLP:books/sp/22/P2022,
  editor    = {Artem Polyvyanyy},
  title     = {Process Querying Methods},
  publisher = {Springer},
  year      = {2022},
  url       = {https://doi.org/10.1007/978-3-030-92875-9},
  doi       = {10.1007/978-3-030-92875-9},
  isbn      = {978-3-030-92874-2},
  timestamp = {Fri, 20 May 2022 20:00:29 +0200},
  biburl    = {https://dblp.org/rec/books/sp/22/P2022.bib},
  bibsource = {dblp computer science bibliography, https://dblp.org}
}